<?xml version="1.0" encoding="UTF-8"?><collection xmlns="http://www.loc.gov/MARC21/slim"><record><leader>00543nam--2200145-i-4500</leader><controlfield tag="001">000043597</controlfield><controlfield tag="002">20161230</controlfield><controlfield tag="005">20161230201044</controlfield><controlfield tag="008">060222s1000------------r-----000-0-eng-d</controlfield><datafield ind1=" " ind2=" " tag="080"><subfield code="a">621.3.015.532.001</subfield></datafield><datafield ind1=" " ind2=" " tag="100"><subfield code="a">Tanassescu,Fl</subfield></datafield><datafield ind1=" " ind2=" " tag="245"><subfield code="a">Posibilitati de recalculare a impulsului original produs de o descarcare partiala si deformat de circuitele de masurare si inregistrare</subfield></datafield><datafield ind1=" " ind2=" " tag="260"><subfield code="a">Bucuresti, Cons.Nat.Al Ing.Si Tehn.,1969. 22 P</subfield></datafield><datafield ind1=" " ind2=" " tag="490"><subfield code="a">A Doua Conf.A Electricienilor.Sectia Teorie, Materiale Si Masurari Electrice</subfield></datafield><datafield ind1=" " ind2=" " tag="852"><subfield code="a">31690</subfield></datafield></record></collection>